@mastersthesis{bos2016model,
  author        = {M. Bos},
  title         = {A {M}odel for {E}xperiment {S}etups on {FPGA} {D}evelopment {B}oards},
  school        = {Univeristy of Amsterdam},
  type          = {Bachelor's thesis},
  month         = aug,
  year          = 2016,
  url           = {https://esc.fnwi.uva.nl/thesis/centraal/files/f7614483.pdf},
}

@book{hennessy2013computer,
  title={Computer organization and design: the hardware/software interface},
  author={Patterson, David A and Hennessy, John L},
  year={2013},
  publisher={Newnes}
}

@mastersthesis{yantir2014systematic,
  author       = {Hasan Erdem YantÄ±r}, 
  title        = {A Systematic Approach for Register File Design in FPGAs
},
  school       = {Bogazici University},
  year         = 2014,
  month        = 1,
  url          = {http://newport.eecs.uci.edu/~hyantir/studies/thesis.pdf}
}

@inproceedings{canis2013multi,
  title={Multi-pumping for resource reduction in FPGA high-level synthesis},
  author={Canis, Andrew and Anderson, Jason H and Brown, Stephen D},
  booktitle={Proceedings of the Conference on Design, Automation and Test in Europe},
  pages={194--197},
  year={2013},
  organization={EDA Consortium}
}